@Article{dlib09,
  author = {Davis E. King},
  title = {Dlib-ml: A Machine Learning Toolkit},
  journal = {Journal of Machine Learning Research},
  year = {2009},
  volume = {10},
  pages = {1755-1758},
}

@misc{knuthwebsite,
	author    = "National Highway Traffic Safety Administration",
	title     = "Distracted Driving 2013",
	url       = "http://www.distraction.gov/downloads/pdfs/Distracted_Driving_2013_Research_note.pdf"
}

@misc{Kaggle,
	author    = "Kaggle",
	title     = "State Farm Distracted Driver Detection",
	url       = "https://www.kaggle.com/c/state-farm-distracted-driver-detection"
}

@inproceedings{Ramanan:2012:FDP:2354409.2355119,
 author = {Ramanan, Deva},
 title = {Face Detection, Pose Estimation, and Landmark Localization in the Wild},
 booktitle = {Proceedings of the 2012 IEEE Conference on Computer Vision and Pattern Recognition (CVPR)},
 series = {CVPR '12},
 year = {2012},
 isbn = {978-1-4673-1226-4},
 pages = {2879--2886},
 numpages = {8},
 url = {http://dl.acm.org/citation.cfm?id=2354409.2355119},
 acmid = {2355119},
 publisher = {IEEE Computer Society},
 address = {Washington, DC, USA},
 keywords = {Face,Computational modeling,Estimation,Shape,Detectors,Face detection,Google},
} 
