@inproceedings{Ramanan:2012:FDP:2354409.2355119,
 author = {Ramanan, Deva},
 title = {Face Detection, Pose Estimation, and Landmark Localization in the Wild},
 booktitle = {Proceedings of the 2012 IEEE Conference on Computer Vision and Pattern Recognition (CVPR)},
 series = {CVPR '12},
 year = {2012},
 isbn = {978-1-4673-1226-4},
 pages = {2879--2886},
 numpages = {8},
 url = {http://dl.acm.org/citation.cfm?id=2354409.2355119},
 acmid = {2355119},
 publisher = {IEEE Computer Society},
 address = {Washington, DC, USA},
 keywords = {Face,Computational modeling,Estimation,Shape,Detectors,Face detection,Google},
} 



@misc{knuthwebsite,
	author    = "Davis King",
	title     = "Dlib",
	url       = "https://github.com/davisking/dlib"
}

