
@article{Liang, 
	author={Y. Liang and M. L. Reyes and J. D. Lee}, 
	journal={IEEE Transactions on Intelligent Transportation Systems}, 
	title={Real-Time Detection of Driver Cognitive Distraction Using Support Vector Machines}, 
	year={2007}, 
	volume={8}, 
	number={2}, 
	pages={340-350}, 
	keywords={cognitive systems;data mining;driver information systems;object detection;regression analysis;support vector machines;data mining;driver cognitive distraction;eye movements;in-vehicle information systems;logistic regression model;real-time detection;support vector machines;Cellular phones;Drives;Information systems;Logistics;Motion measurement;Radio navigation;Safety;Satellite broadcasting;Satellite navigation systems;Support vector machines;Classification;driving performance;eye movement;logistic regression;secondary task;support vector machine (SVM)}, 
	doi={10.1109/TITS.2007.895298}, 
	ISSN={1524-9050}, 
	month={June}
}

@article{Dorazio,
	title = "A visual approach for driver inattention detection ",
	journal = "Pattern Recognition ",
	volume = "40",
	number = "8",
	pages = "2341 - 2355",
	year = "2007",
	note = "Part Special Issue on Visual Information Processing ",
	issn = "0031-3203",
	doi = "http://dx.doi.org/10.1016/j.patcog.2007.01.018",
	url = "http://www.sciencedirect.com/science/article/pii/S0031320307000544",
	author = "T. Dâ€™Orazio and M. Leo and C. Guaragnella and A. Distante",
	keywords = "Iris detection",
	keywords = "Behavior analysis",
	keywords = "Neural network",
	keywords = "Mixture Gaussian model "
}

@INPROCEEDINGS{Torkola, 
	author={K. Torkkola and N. Massey and C. Wood}, 
	booktitle={Intelligent Transportation Systems, 2004. Proceedings. The 7th International IEEE Conference on}, 
	title={Driver inattention detection through intelligent analysis of readily available sensors}, 
	year={2004}, 
	pages={326-331}, 
	keywords={collision avoidance;intelligent sensors;monitoring;road accidents;road traffic;video cameras;collision avoidance systems sensors;driver inattention detection;driver inattention estimation;driver monitoring;intelligent analysis;road vehicle;video cameras;Cameras;Collision avoidance;Computer crashes;Content addressable storage;Costs;Driver circuits;Intelligent sensors;Monitoring;Sensor systems;Vehicle driving}, 
	doi={10.1109/ITSC.2004.1398919}, 
	month={Oct}
}

@Inbook{Ragab2014,
	author="Ragab, Amira
	and Craye, Celine
	and Kamel, Mohamed S.
	and Karray, Fakhri",
	editor="Campilho, Aur{\'e}lio
	and Kamel, Mohamed",
	title="A Visual-Based Driver Distraction Recognition and Detection Using Random Forest",
	bookTitle="Image Analysis and Recognition: 11th International Conference, ICIAR 2014, Vilamoura, Portugal, October 22-24, 2014, Proceedings, Part I",
	year="2014",
	publisher="Springer International Publishing",
	address="Cham",
	pages="256--265",
	isbn="978-3-319-11758-4",
	doi="10.1007/978-3-319-11758-4_28",
	url="http://dx.doi.org/10.1007/978-3-319-11758-4_28"
}

}